<?xml version="1.0" encoding="UTF-8"?>
<Polizas Version="1.0" RFC="LOVG880408E79" Mes="12" Ano="None">
  <PLZ>
    <Poliza Tipo="sale" Num="VEN/2014/0002" Fecha="2014-12-08" Concepto="VEN20140002">
      <Transaccion NumCta="1102" Concepto="/" Debe="87" Haber="0" Moneda="None" TipCamb="1">
        <Comprobante Monto="87.0" RFC="LOVG880408E79" UUID_CFDI=""/>
      </Transaccion>
      <Transaccion NumCta="121" Concepto="Impuestox 16.00%" Debe="0" Haber="12" Moneda="None" TipCamb="1"/>
      <Transaccion NumCta="200" Concepto="Servicio" Debe="0" Haber="75" Moneda="None" TipCamb="1"/>
    </Poliza>
    <Poliza Tipo="sale" Num="VEN/2014/0001" Fecha="2014-12-08" Concepto="VEN20140001">
      <Transaccion NumCta="1102" Concepto="/" Debe="87" Haber="0" Moneda="None" TipCamb="1">
        <Comprobante Monto="87.0" RFC="LOVG880408E79" UUID_CFDI=""/>
      </Transaccion>
      <Transaccion NumCta="121" Concepto="Impuestox 16.00%" Debe="0" Haber="12" Moneda="None" TipCamb="1"/>
      <Transaccion NumCta="200" Concepto="Servicio" Debe="0" Haber="75" Moneda="None" TipCamb="1"/>
    </Poliza>
  </PLZ>
</Polizas>
